@article{doe2021,
  title={An Example Paper},
  author={Doe},
  journal={Journal of Example Studies},
  volume={1},
  number={1},
  pages={1--10},
  year={2021}
}

@article{doe2022,
  title={Я устал},
  author={Писать},
  journal={Эти книги},
  volume={1},
  number={1},
  pages={1--10},
  year={2021}
}

@misc{ExampleWebsite,
  title = {Example Website},
  howpublished = {\url{https://www.example.com}},
  note = {Accessed: yyyy-mm-dd}
}